<record><leader>00000cas a2200000 i 4500</leader><controlfield tag="001">611104505</controlfield><controlfield tag="006">m     o  d        </controlfield><controlfield tag="007">cr |||||||||||</controlfield><controlfield tag="008">100504d18801904inudr neo     0   a0eng  </controlfield><datafield ind1=" " ind2=" " tag="010"><subfield code="a">  2013272082</subfield></datafield><datafield ind1=" " ind2=" " tag="040"><subfield code="a">CUI</subfield><subfield code="b">eng</subfield><subfield code="e">rda</subfield><subfield code="c">CUI</subfield><subfield code="d">OCLCQ</subfield><subfield code="d">DLC</subfield><subfield code="d">OCLCF</subfield></datafield><datafield ind1="0" ind2=" " tag="022"><subfield code="a">2332-1113</subfield><subfield code="2">1</subfield></datafield><datafield ind1="1" ind2=" " tag="029"><subfield code="a">NZ1</subfield><subfield code="b">15558975</subfield></datafield><datafield ind1=" " ind2=" " tag="042"><subfield code="a">pcc</subfield><subfield code="a">nsdp</subfield></datafield><datafield ind1=" " ind2=" " tag="043"><subfield code="a">n-us-in</subfield></datafield><datafield ind1="1" ind2="0" tag="050"><subfield code="a">ISSN RECORD</subfield></datafield><datafield ind1=" " ind2="4" tag="050"><subfield code="a">AN</subfield></datafield><datafield ind1="0" ind2="0" tag="082"><subfield code="a">071</subfield><subfield code="2">23</subfield></datafield><datafield ind1="0" ind2=" " tag="130"><subfield code="a">Indianapolis sentinel (Indianapolis, Ind. : 1880 : Online)</subfield></datafield><datafield ind1=" " ind2="4" tag="222"><subfield code="a">The Indianapolis sentinel</subfield><subfield code="b">(Indianapolis, Ind. 1880. Online)</subfield></datafield><datafield ind1="1" ind2="4" tag="245"><subfield code="a">The Indianapolis sentinel.</subfield></datafield><datafield ind1="1" ind2=" " tag="246"><subfield code="i">On Sunday (June 21, 1885-1904) published as:</subfield><subfield code="a">Sunday sentinel</subfield></datafield><datafield ind1="1" ind2="7" tag="246"><subfield code="a">Indianapolis daily sentinel</subfield></datafield><datafield ind1=" " ind2="1" tag="264"><subfield code="a">Indianapolis :</subfield><subfield code="b">[publisher not identified]</subfield></datafield><datafield ind1=" " ind2=" " tag="310"><subfield code="a">Daily</subfield></datafield><datafield ind1=" " ind2=" " tag="336"><subfield code="a">text</subfield><subfield code="b">txt</subfield><subfield code="2">rdacontent</subfield></datafield><datafield ind1=" " ind2=" " tag="337"><subfield code="a">computer</subfield><subfield code="b">c</subfield><subfield code="2">rdamedia</subfield></datafield><datafield ind1=" " ind2=" " tag="338"><subfield code="a">online resource</subfield><subfield code="b">cr</subfield><subfield code="2">rdacarrier</subfield></datafield><datafield ind1="0" ind2=" " tag="362"><subfield code="a">Began August 28, 1880; ceased January 31, 1904.</subfield></datafield><datafield ind1=" " ind2=" " tag="500"><subfield code="a">Democratic.</subfield></datafield><datafield ind1=" " ind2=" " tag="515"><subfield code="a">Issue for &lt;Aug. 9, 1885&gt; called also whole no. &lt;10,148&gt;</subfield></datafield><datafield ind1=" " ind2=" " tag="530"><subfield code="a">Also issued on microfilm from the Library of Congress, Photoduplication Service, and University Microfilms International.</subfield></datafield><datafield ind1=" " ind2=" " tag="580"><subfield code="a">Morning eds.: Indianapolis globe (Indianapolis, Ind. : Daily), May 18-June 5, 1903, and: Indianapolis morning star, 1903-1904.</subfield></datafield><datafield ind1=" " ind2=" " tag="580"><subfield code="a">Weekly eds.: Indiana State sentinel (Indianapolis, Ind. : 1868), 1868-1895, and: State sentinel (Indianapolis, Ind.), 1896-1904.</subfield></datafield><datafield ind1=" " ind2=" " tag="588"><subfield code="a">Description based on: Vol. XXXIV, no. 1, whole no. 10,567 (January 1, 1885); title from masthead (Chroniclingamerica.loc.gov, viewed November 20, 2013).</subfield></datafield><datafield ind1=" " ind2=" " tag="588"><subfield code="a">Latest issue consulted: Vol. XXXIV, no. 150, whole no. 10,214 (May 31, 1885) (Chroniclingamerica.loc.gov, viewed November 20, 2013).</subfield></datafield><datafield ind1=" " ind2="0" tag="651"><subfield code="a">Indianapolis (Ind.)</subfield><subfield code="v">Newspapers.</subfield></datafield><datafield ind1=" " ind2="0" tag="651"><subfield code="a">Marion County (Ind.)</subfield><subfield code="v">Newspapers.</subfield></datafield><datafield ind1=" " ind2="7" tag="655"><subfield code="a">Newspapers.</subfield><subfield code="2">fast</subfield><subfield code="0">(OCoLC)fst01423814</subfield></datafield><datafield ind1=" " ind2="7" tag="651"><subfield code="a">Indiana</subfield><subfield code="z">Indianapolis.</subfield><subfield code="2">fast</subfield><subfield code="0">(OCoLC)fst01205182</subfield></datafield><datafield ind1=" " ind2="7" tag="651"><subfield code="a">Indiana</subfield><subfield code="z">Marion County.</subfield><subfield code="2">fast</subfield><subfield code="0">(OCoLC)fst01213920</subfield></datafield><datafield ind1=" " ind2=" " tag="752"><subfield code="a">United States</subfield><subfield code="b">Indiana</subfield><subfield code="c">Marion</subfield><subfield code="d">Indianapolis.</subfield></datafield><datafield ind1="1" ind2=" " tag="775"><subfield code="t">Indianapolis globe (Indianapolis, Ind. : Daily : Online)</subfield></datafield><datafield ind1="1" ind2=" " tag="775"><subfield code="t">Indianapolis morning star (Online)</subfield></datafield><datafield ind1="1" ind2=" " tag="775"><subfield code="t">Indiana State sentinel (Indianapolis, Ind. : 1868 : Online)</subfield></datafield><datafield ind1="1" ind2=" " tag="775"><subfield code="t">State sentinel (Indianapolis, Ind. : Online)</subfield></datafield><datafield ind1="0" ind2="8" tag="776"><subfield code="i">Originally issued in print:</subfield><subfield code="t">Indianapolis sentinel (Indianapolis, Ind. : 1880)</subfield><subfield code="x">2332-1105</subfield><subfield code="w">(DLC)sn 83016223</subfield><subfield code="w">(OCoLC)9244906</subfield></datafield><datafield ind1="0" ind2="0" tag="780"><subfield code="t">Indianapolis daily sentinel (Indianapolis, Ind. : 1878 : Online)</subfield></datafield><datafield ind1="0" ind2="0" tag="785"><subfield code="t">Daily sentinel (Indianapolis, Ind. : Online)</subfield></datafield><datafield ind1="4" ind2=" " tag="856"><subfield code="u">http://gale.cengage.com/usnewspapers/</subfield><subfield code="z">Available to subscribing institutions</subfield></datafield><datafield ind1="4" ind2="0" tag="856"><subfield code="u">http://www.loc.gov/chroniclingamerica/lccn/sn83016223/issues</subfield></datafield></record>